@book{gameChangeWorld,
  author =       {McGonigalJane},
  translator =   {闾佳},
  title =        {Reality is Broken:Why Games Make Us Better and How They Can Change the World},
  address =      {浙江, 中国},
  publisher =    {浙江人民出版社},
  year =         2012,
  edition =      "Classic",
}

@TechReport{gameIndustry,
  title =        {2017年中国游戏产业报告},
  author =       {中国音数协游戏工委},
  year =         2017,
  month =        nov # "~29",
  institution =  "中国游戏行业发展趋势分析与预测报告",
  url =          "http://www.xinhuanet.com/info/2017-11/29/c_136786870.htm"
}

@book{jsAuthority,
  author =       {David Flanagan},
  title =        "JavaScript 权威指南",
  address =      {中国 北京},
  series =       {O'reilly},
  publisher =    {机械工业出版社},
  year =         2012,
  edition =      "6th",
}

@book{ES6,
  author =       {阮一峰},
  title =        {ES6标准入门},
  address =      {中国 北京},
  publisher =    {电子工业出版社},
  year =         2017,
  edition =      "3th",
}

@online{jsStandard,
  author =      {阮一峰},
  title =       {JavaScript 标准参考教程},
  urldate =     {2018-01-04},
  url =         {http://javascript.ruanyifeng.com/},
  language =    "chinese",
}

@online{vue,
  author =      {尤雨溪},
  title =       {渐进式 JavaScript 框架 - Vue.js},
  urldate =     {2018-05-10},
  url =         {https://cn.vuejs.org/v2/guide/},
  language =    "chinese",
}

@online{element,
  author =      {{ElemeFE, Eleme Inc.}},
  title =       {Element-网站快速成型工具},
  urldate =     {2018-05-10},
  url =         {http://element-cn.eleme.io/},
  language =    "chinese",
}

@online{cccManual,
  author =      {触控科技},
  title =       {Cocos Creator v1.9.x 用户手册},
  urldate =     {2018-05-10},
  url =         {http://docs.cocos.com/creator/manual/zh/},
  language =    "chinese",
}

@online{cccApi,
  author =      {Cocos Creator},
  title =       {Cocos Creator API},
  urldate =     {2018-05-10},
  url =         {http://docs.cocos.com/creator/api/zh/},
  language =    "english",
}

@online{wechatMiniGame,
  author =      {Wecaht},
  title =       {微信公众平台 - 小游戏开发},
  urldate =     {2018-05-10},
  url =         {https://developers.weixin.qq.com/minigame/dev/},
  language =    "chinese",
}

@online{hexo,
  author =      {Hexo},
  title =       {Hexo - A fast, simple \& powerful blog framework},
  urldate =     {2018-05-10},
  url =         {https://hexo.io/zh-cn/docs/},
  language =    "chinese",
}

@online{lumen,
  author =      {Taylor Otwell},
  title =       {Lumen - The stunningly fast micro-framework by Laravel},
  urldate =     {2018-05-10},
  url =         {https://lumen.laravel.com/docs/5.6},
  language =    "chinese",
}

@online{vue-element-admin,
  author =      {PanJiaChen},
  title =       {vue-element-admin},
  urldate =     {2018-05-10},
  url =         {https://panjiachen.github.io/vue-element-admin-site},
  language =    "chinese",
}

@online{mdn,
  author =      {Mozilla},
  title =       "MDN Web 接口",
  urldate =     {2018-05-04},
  url =         {https://developer.mozilla.org/zh-CN/docs/Web/API/},
  language =    "chinese",
}

@online{webpack,
  author =      {webpack},
  title =       {Webpack - module bundler},
  urldate =     {2018-05-04},
  url =         {https://doc.webpack-china.org/},
  lang =        {zh},
}

@online{npm,
  author =      {npmjs},
  title =       {npm 中文文档},
  urldate =     {2018-05-04},
  url =         {https://www.npmjs.com.cn/},
  language =    "chinese",
}

@online{nodejs,
  author =      {Node.js},
  title =       {Node.js v8.9.3 文档},
  urldate =     {2018-01-04},
  url =         {http://nodejs.cn/api/},
  language =    "chinese",
}

@online{sass,
  author =      {Sass},
  title =       {Sass 中文网},
  urldate =     {2018-05-04},
  url =         {https://www.sasscss.com/},
  language =    "chinese",
}